<record><leader>00000cas a22000007a 4500</leader><controlfield tag="001">20952227</controlfield><controlfield tag="008">900124d1926195uaruwr ne      0    0eng d</controlfield><datafield ind1=" " ind2=" " tag="010"><subfield code="a">sn 89051472 </subfield></datafield><datafield ind1=" " ind2=" " tag="040"><subfield code="a">ANU</subfield><subfield code="b">eng</subfield><subfield code="c">ANU</subfield><subfield code="d">OCLCQ</subfield></datafield><datafield ind1=" " ind2=" " tag="042"><subfield code="a">msc</subfield></datafield><datafield ind1="0" ind2=" " tag="130"><subfield code="a">Informer (Salem, Ark.)</subfield></datafield><datafield ind1="1" ind2="4" tag="245"><subfield code="a">The Informer.</subfield></datafield><datafield ind1="1" ind2="7" tag="246"><subfield code="a">Newton County informer</subfield><subfield code="f">&lt;Jan. 19, 1951-Dec. 5, 1953&gt;</subfield></datafield><datafield ind1=" " ind2=" " tag="260"><subfield code="a">Salem, Ark. :</subfield><subfield code="b">Mr. and Mrs. J. Milam</subfield></datafield><datafield ind1=" " ind2=" " tag="300"><subfield code="a">v.</subfield></datafield><datafield ind1=" " ind2=" " tag="310"><subfield code="a">Weekly</subfield></datafield><datafield ind1="1" ind2=" " tag="362"><subfield code="a">Began in 1926.</subfield></datafield><datafield ind1=" " ind2=" " tag="500"><subfield code="a">Place of publication varies: Mammoth Spring, Ark., Salem, Ark., Ash Flat, Ark., and Jasper, Ark.</subfield></datafield><datafield ind1=" " ind2=" " tag="588"><subfield code="a">Description based on: Vol. 3, no. 23 (July 13, 1928).</subfield></datafield><datafield ind1=" " ind2="4" tag="651"><subfield code="a">Jasper (Ark.)</subfield><subfield code="v">Newspapers.</subfield></datafield><datafield ind1=" " ind2="4" tag="651"><subfield code="a">Ash Flat (Ark.)</subfield><subfield code="v">Newspapers.</subfield></datafield><datafield ind1=" " ind2="4" tag="651"><subfield code="a">Salem (Ark.)</subfield><subfield code="v">Newspapers.</subfield></datafield><datafield ind1=" " ind2="4" tag="651"><subfield code="a">Mammoth Spring (Ark.)</subfield><subfield code="v">Newspapers.</subfield></datafield><datafield ind1=" " ind2=" " tag="752"><subfield code="a">United States</subfield><subfield code="b">Arkansas</subfield><subfield code="c">Newton</subfield><subfield code="d">Jasper.</subfield></datafield><datafield ind1=" " ind2=" " tag="752"><subfield code="a">United States</subfield><subfield code="b">Arkansas</subfield><subfield code="c">Sharp</subfield><subfield code="d">Ash Flat.</subfield></datafield><datafield ind1=" " ind2=" " tag="752"><subfield code="a">United States</subfield><subfield code="b">Arkansas</subfield><subfield code="c">Fulton</subfield><subfield code="d">Salem.</subfield></datafield><datafield ind1=" " ind2=" " tag="752"><subfield code="a">United States</subfield><subfield code="b">Arkansas</subfield><subfield code="c">Fulton</subfield><subfield code="d">Mammoth Spring.</subfield></datafield><datafield ind1="0" ind2="5" tag="780"><subfield code="t">Newton County times (Jasper, Ark. : 1907)</subfield><subfield code="w">(DLC)sn 89051379</subfield></datafield><datafield ind1="0" ind2="0" tag="785"><subfield code="t">Informer and Newton County times (Jasper, Ark. : 1955)</subfield><subfield code="w">(DLC)sn 89051380</subfield></datafield></record>